<record><leader>00000cas a22000007a 4500</leader><controlfield tag="001">2259206</controlfield><controlfield tag="008">760620u1880uuuupau x ne      0    0eng d</controlfield><datafield ind1=" " ind2=" " tag="010"><subfield code="a">sn 85054957 </subfield></datafield><datafield ind1=" " ind2=" " tag="040"><subfield code="a">PIT</subfield><subfield code="b">eng</subfield><subfield code="c">PIT</subfield><subfield code="d">NPH</subfield><subfield code="d">OCLCQ</subfield></datafield><datafield ind1=" " ind2=" " tag="042"><subfield code="a">msc</subfield></datafield><datafield ind1="0" ind2="0" tag="245"><subfield code="a">Cherrytree record.</subfield></datafield><datafield ind1="3" ind2="0" tag="246"><subfield code="a">Cherry Tree record</subfield></datafield><datafield ind1=" " ind2=" " tag="260"><subfield code="a">Cherrytree, Pa. :</subfield><subfield code="b">Shannon &amp; Davis</subfield></datafield><datafield ind1=" " ind2=" " tag="300"><subfield code="a">v. :</subfield><subfield code="b">ill. (chiefly advertisements) ;</subfield><subfield code="c">59 cm.</subfield></datafield><datafield ind1=" " ind2=" " tag="310"><subfield code="a">Irregular,</subfield><subfield code="b">&lt;Apr. 5, 1938-&gt;</subfield></datafield><datafield ind1=" " ind2=" " tag="321"><subfield code="a">Weekly,</subfield><subfield code="b">1880-&lt;1894&gt;</subfield></datafield><datafield ind1="1" ind2=" " tag="362"><subfield code="a">Began Sept. 8, 1880?</subfield></datafield><datafield ind1=" " ind2=" " tag="500"><subfield code="a">Title varies slightly.</subfield></datafield><datafield ind1=" " ind2=" " tag="500"><subfield code="a">Published by: Harter &amp; Driscoll, &lt;Feb. 8, 1882&gt;; Will H. Baker, &lt;Jan. 31, 1883&gt;; H.D. Work, &lt;Nov. 17, 1894&gt;; J. Harold Ranck, &lt;Apr. 5, 1938&gt;.</subfield></datafield><datafield ind1=" " ind2=" " tag="500"><subfield code="a">Published in Grant, Indiana County, Pa., &lt;1894&gt;.</subfield></datafield><datafield ind1=" " ind2=" " tag="588"><subfield code="a">Description based on: Vol. 1, no. 2 (Sept. 15, 1880).</subfield></datafield><datafield ind1=" " ind2=" " tag="752"><subfield code="a">United States</subfield><subfield code="b">Pennsylvania</subfield><subfield code="c">Indiana</subfield><subfield code="d">Cherry Tree.</subfield></datafield><datafield ind1=" " ind2=" " tag="752"><subfield code="a">United States</subfield><subfield code="b">Pennsylvania</subfield><subfield code="c">Indiana</subfield><subfield code="d">Cherrytree.</subfield></datafield><datafield ind1=" " ind2=" " tag="752"><subfield code="a">United States</subfield><subfield code="b">Pennsylvania</subfield><subfield code="c">Indiana</subfield><subfield code="d">Grant.</subfield></datafield><datafield ind1="1" ind2=" " tag="029"><subfield code="a">AU@</subfield><subfield code="b">000025802697</subfield></datafield></record>